%!TEX encoding = UTF-8 Unicode

@string{aaai = "AAAI Conference on Artificial Intelligence"}
@string{ab = "Adaptive Behavior"}
@string{acl = "Annual Meeting of the Association for Computational Linguistics"}
@string{glu = "International Workshop on Grounding Language Understanding"}
@string{icassp = "IEEE International Conference on Acoustics, Speech and Signal Processing"}
@string{icdl_epirob = "IEEE International Conference on Development and Learning and on Epigenetic Robotics"}
@string{iclr = "International Conference on Learning Representations"}
@string{icra = "IEEE International Conference on Robotics and Automation"}
@string{ijrr = "International Journal of Robotics Research"}
@string{interspeech = "International Conference on Speech Communication and Technology"}
@string{iros = "IEEE/RSJ International Conference on Intelligent Robots and Systems"}
@string{nips = "Conference on Neural Information Processing Systems"}
@string{smcb = "IEEE Transactions on Systems, Man, and Cybernetics, Part B: Cybernetics"}
@string{tamd = "IEEE Transactions on Autonomous Mental Development"}
@string{tcds = "IEEE Transactions on Cognitive and Developmental Systems"}
@string{tro = "IEEE Transactions on Robotics"}

@article{aglioti:2008:basketball,
    author = {Aglioti, Salvatore M. and Cesari, Paola and Romani, Michela and Urgesi, Cosimo},
    title = {{Action anticipation and motor resonance in elite basketball players}},
    journal = {Nature Neuroscience},
    year = {2008},
    number = {9},
    pages = {1109--1116},
    volume = {11},
    doi = {10.1038/nn.2182}
}

@InProceedings{antunes:2016:icra,
    author = {Antunes, Alexandre and Jamone, Lorenzo and Saponaro, Giovanni and Bernardino, Alexandre and Ventura, Rodrigo},
    title = {{From Human Instructions to Robot Actions: Formulation of Goals, Affordances and Probabilistic Planning}},
    booktitle = icra,
    year = {2016},
    pages = {5449--5454},
    doi = {10.1109/ICRA.2016.7487757}
}

@InProceedings{araki:2012:iros,
    author = {Araki, Takaya and Nakamura, Tomoaki and Nagai, Takayuki and Nagasaka, Shogo and Taniguchi, Tadahiro and Iwahashi, Naoto},
    title = {{Online Learning of Concepts and Words Using Multimodal LDA and Hierarchical Pitman--Yor Language Model}},
    booktitle = iros,
    pages = {1623--1630},
    year = {2012},
    doi = {10.1109/IROS.2012.6385812}
}

@article{billing:2016:frobt,
    author = {Billing, Erik A. and Svensson, Henrik and Lowe, Robert and Ziemke, Tom},
    title = {{Finding Your Way from the Bed to the Kitchen: Reenacting and Recombining Sensorimotor Episodes Learned from Human Demonstration}},
    journal = {Frontiers in Robotics and AI},
    volume = {3},
    pages = {9},
    year = {2016},
    doi = {10.3389/frobt.2016.00009}
}

@book{breazeal:2002:dsr,
    author = {Breazeal, Cynthia},
    title = {{Designing Sociable Robots}},
    year = {2002},
    publisher = {MIT Press},
    isbn = {0262025108},
}

@article{brownell:2006:childdev,
    author = {Brownell, Celia A. and Ramani, Geetha B. and Zerwas, Stephanie},
    title = {Becoming a social partner with peers: Cooperation and social understanding in one- and two-year-olds},
    journal = {Child Development},
    volume = {77},
    number = {4},
    pages = {803--821},
    year = {2006},
    doi = {10.1111/j.1467-8624.2006.t01-1-.x-i1}
}

@book{cangelosi:2015:devrobbook,
    author = {Cangelosi, Angelo and Schlesinger, Matthew},
    title = {{Developmental Robotics: From Babies to Robots}},
    year = {2015},
    publisher = {MIT Press},
    isbn = {978-0262028011},
}

@article{decety:2003:sharedrep,
    title = {Shared representations between self and other: a social cognitive neuroscience view},
    author = {Decety, Jean and Sommerville, Jessica A.},
    journal = {Trends in Cognitive Sciences},
    volume = {7},
    number = {12},
    pages = {527--533},
    year = {2003},
    doi = {10.1016/j.tics.2003.10.004}
}

@InProceedings{falstrom:2017:glu,
    author = {Fahlström Myrman, Arvid and Salvi, Giampiero},
    title = {{Partitioning of Posteriorgrams Using Siamese Models for Unsupervised Acoustic Modelling}},
    booktitle = glu,
    year = {2017},
    pages = {27--31},
    doi = {10.21437/GLU.2017-6}
}

@article{gallagher:1996:earliest,
    title = {{The earliest sense of self and others: Merleau-Ponty and recent developmental studies}},
    author = {Gallagher, Shaun and Meltzoff, Andrew N.},
    journal = {Philosophical Psychology},
    volume = {9},
    number = {2},
    pages = {211--233},
    year = {1996},
    doi = {10.1080/09515089608573181}
}

% no DOI
@InProceedings{gao:2018:acl,
    author = {Gao, Qiaozi and Yang, Shaohua and Chai, Joyce and Vanderwende, Lucy},
    title = {{What Action Causes This? Towards Naive Physical Action--Effect Prediction}},
    booktitle = acl,
    year = {2018},
    pages = {934--945},
}

@article{gazzola:2007:neuroimage,
    title = {The anthropomorphic brain: the mirror neuron system responds to human and robotic actions},
    author = {Gazzola, Valeria and Rizzolatti, Giacomo and Wicker, Bruno and Keysers, Christian},
    journal = {Neuroimage},
    year = {2007},
    volume = {35},
    number = {4},
    pages = {1674--1684},
    doi = {10.1016/j.neuroimage.2007.02.003}
}

@book{gibson:2014,
    title = {The Ecological Approach to Visual Perception: Classic Edition},
    author = {Gibson, James J.},
    year = {2014},
    publisher = {Psychology Press},
    note = {originally published in 1979 by Houghton Mifflin Harcourt.},
    isbn = {978-1848725782}
}

@article{harnad:1990,
    title = {{The Symbol Grounding Problem}},
    author = {Harnad, Stevan},
    journal = {Physica D: Nonlinear Phenomena},
    volume = {42},
    number = {1-3},
    pages = {335--346},
    year = {1990},
    doi = {10.1016/0167-2789(90)90087-6}
}

@InCollection{iwahashi:2007:hri,
    title = {{Robots that learn language: A developmental approach to situated \hr{} conversations}},
    author = {Iwahashi, Naoto},
    booktitle = {Human Robot Interaction},
    publisher = {InTech},
    year = {2007},
    chapter = {5},
    doi = {10.5772/5188},
}

@article{jamone:2016:tcds,
    title = {Affordances in psychology, neuroscience and robotics: a survey},
    author = {Jamone, Lorenzo and Ugur, Emre and Cangelosi, Angelo and Fadiga, Luciano and Bernardino, Alexandre and Piater, Justus and Santos-Victor, José},
    journal = tcds,
    year = {2016},
    doi = {10.1109/TCDS.2016.2594134},
}

@article{kim:2017:nn,
    author = {Kim, Sangwook and Yu, Zhibin and Lee, Minho},
    title = {Understanding human intention by connecting perception and action learning in artificial agents},
    journal = {Neural Networks},
    year = {2017},
    volume = {92},
    pages = {29--38},
    doi = {10.1016/j.neunet.2017.01.009}
}

@article{knoblich:2001:psychsci,
    author = {Knoblich, Günther and Flach, Rüdiger},
    title = {{Predicting the Effects of Actions: Interactions of Perception and Action}},
    journal = {Psychological Science},
    volume = {12},
    number = {6},
    pages = {467-472},
    year = {2001},
    doi = {10.1111/1467-9280.00387}
}

@article{koppula:2013:ijrr,
    author = {Koppula, Hema S. and Gupta, Rudhir and Saxena, Ashutosh},
    title = {{Learning Human Activities and Object Affordances from RGB-D Videos}},
    journal = ijrr,
    year = {2013},
    volume = {32},
    number = {8},
    pages = {951-970},
    doi = {10.1177/0278364913478446}
}

@article{lake:2017:bbs,
    author = {Lake, Brenden M. and Ullman, Tomer D. and Tenenbaum, Joshua B. and Gershman, Samuel J.},
    title = {{Building Machines That Learn and Think Like People}},
    journal = {Behavioral and Brain Sciences},
    year = {2017},
    volume = {40},
    doi = {10.1017/S0140525X16001837}
}

@article{lopes:2009:ab,
    title = {A computational model of social-learning mechanisms},
    author = {Lopes, Manuel and Melo, Francisco S. and Kenward, Ben and Santos-Victor, José},
    journal = {Adaptive Behavior},
    year = {2009},
    volume = {17},
    number = {6},
    pages = {467--483},
    doi = {10.1177/1059712309342757}
}

@article{lungarella:2003:devrobsurvey,
    author = {Lungarella, Max and Metta, Giorgio and Pfeifer, Rolf and Sandini, Giulio},
    title = {Developmental robotics: a survey},
    journal = {Connection Science},
    year = {2003},
    volume = {15},
    number = {4},
    pages = {151--190},
    doi = {10.1080/09540090310001655110}
}

@InProceedings{maestre:2017:icdl,
    author = {Maestre, Carlos and Mukhtar, Ghanim and Gonzales, Christophe and Doncieux, Stephane},
    title = {Iterative affordance learning with adaptive action generation},
    booktitle = icdl_epirob,
    year = {2017},
    pages = {368--375},
    doi = {10.1109/DEVLRN.2017.8329832}
}

@InProceedings{matuszek:2014:aaai,
    author = {Matuszek, Cynthia and Bo, Liefeng and Zettlemoyer, Luke and Fox, Dieter},
    title = {{Learning from Unscripted Deictic Gesture and Language for \HRI{}s}},
    booktitle = aaai,
    pages = {2556--2563},
    year = {2014}
}

@article{melis:2010:rstb,
    title = {How is human cooperation different?},
    author = {Melis, Alicia P. and Semmann, Dirk},
    journal = {Philosophical Transactions of the Royal Society of London B: Biological Sciences},
    volume = {365},
    number = {1553},
    pages = {2663--2674},
    year = {2010},
    doi = {10.1098/rstb.2010.0157}
}

@article{montesano:2008,
    title = {{Learning Object Affordances: From \SensMot{} Maps to Imitation}},
    author = {Montesano, Luis and Lopes, Manuel and Bernardino, Alexandre and Santos-Victor, José},
    journal = tro,
    year = {2008},
    volume = {24},
    number = {1},
    pages = {15--26},
    doi = {10.1109/TRO.2007.914848}
}

@article{morse:2016:cogsci,
    title = {{Why Are There Developmental Stages in Language Learning? A Developmental Robotics Model of Language Development}},
    author = {Morse, Anthony F. and Cangelosi, Angelo},
    journal = {Cognitive Science},
    year = {2016},
    volume = {41},
    pages = {32--51},
    doi = {10.1111/cogs.12390}
}

@article{mueller:2000:psych,
    title = {{The role of social interaction in Piaget's theory: language for social cooperation and social cooperation for language}},
    author = {Müller, Ulrich and Carpendale, Jeremy I. M.},
    journal = {New Ideas in Psychology},
    year = {2000},
    volume = {18},
    number = {2},
    pages = {139--156},
    doi = {10.1016/S0732-118X(00)00004-0}
}

@InProceedings{nakamura:2009:iros,
    author = {Nakamura, Tomoaki and Nagai, Takayuki and Iwahashi, Naoto},
    title = {{Grounding of Word Meanings in Multimodal Concepts Using LDA}},
    booktitle = iros,
    year = {2009},
    pages = {3943--3948},
    doi = {10.1109/IROS.2009.5354736}
}

@InCollection{nehaniv:2002:correspondence,
    title = {{The Correspondence Problem}},
    author = {Nehaniv, Chrystopher L. and Dautenhahn, Kerstin},
    booktitle = {Imitation in Animals and Artifacts},
    publisher = {MIT Press},
    year = {2002},
    chapter = {2},
    doi = {978-0262527750}
}

@book{pearl:2014:probabilistic,
    title = {Probabilistic reasoning in intelligent systems: networks of plausible inference},
    author = {Pearl, Judea},
    year = {2014},
    publisher = {Morgan Kaufmann},
    isbn = {978-1558604797}
}

@article{ramnani:2004:natureneuro,
    author = {Ramnani, Narender and Miall, R. Christopher},
    title = {A system in the human brain for predicting the actions of others},
    journal = {Nature Neuroscience},
    volume = {7},
    number = {1},
    pages = {85--90},
    year = {2004},
    doi = {10.1038/nn1168}
}

@article{ribordy:2013:development,
    title = {Development of allocentric spatial memory abilities in children from 18 months to 5 years of age},
    author = {Ribordy, Farfalla and Jabès, Adeline and Lavenex, Pamela Banta and Lavenex, Pierre},
    journal = {Cognitive Psychology},
    volume = {66},
    number = {1},
    pages = {1--29},
    year = {2013},
    doi = {10.1016/j.cogpsych.2012.08.001}
}

@article{rizzolatti:2001:nrn,
    author = {Rizzolatti, Giacomo and Fogassi, Leonardo and Gallese, Vittorio},
    title = {Neurophysiological mechanisms underlying the understanding and imitation of action},
    journal = {Nature Reviews Neuroscience},
    pages = {661--670},
    volume = {2},
    year = {2001},
    doi = {10.1038/35090060}
}

@article{rojas:2003:ijer,
    author = {Rojas-Drummond, Sylvia and Mercer, Neil},
    title = {Scaffolding the development of effective collaboration and learning},
    journal = {International Journal of Educational Research},
    volume = {39},
    number = {1},
    pages = {99--111},
    year = {2003},
    doi = {10.1016/S0883-0355(03)00075-2}
}

@article{salvi:2012:smcb,
    title = {{Language Bootstrapping: Learning Word Meanings From Perception--Action Association}},
    author = {Salvi, Giampiero and Montesano, Luis and Bernardino, Alexandre and Santos-Victor, Jose},
    journal = smcb,
    volume = {42},
    number = {3},
    pages = {660--671},
    year = {2012},
    doi = {10.1109/TSMCB.2011.2172420}
}

% no DOI
@InProceedings{santoro:2017:relational_reasoning,
    title = {A simple neural network module for relational reasoning},
    author = {Santoro, Adam and Raposo, David and Barrett, David G. T. and Malinowski, Mateusz and Pascanu, Razvan and Battaglia, Peter and Lillicrap, Timothy},
    booktitle = nips,
    year = {2017},
    pages = {4974--4983},
}

@InProceedings{saponaro:2013:crhri,
    author = {Saponaro, Giovanni and Salvi, Giampiero and Bernardino, Alexandre},
    title = {{Robot Anticipation of Human Intentions through Continuous Gesture Recognition}},
    booktitle = {{International Conference on Collaboration Technologies and Systems}},
    series = {International Workshop on Collaborative Robots and \HRI},
    year = {2013},
    pages = {218--225},
    doi = {10.1109/CTS.2013.6567232}
}

@InProceedings{saponaro:2017:glu,
    author = {Saponaro, Giovanni and Jamone, Lorenzo and Bernardino, Alexandre and Salvi, Giampiero},
    title = {{Interactive Robot Learning of Gestures, Language and Affordances}},
    booktitle = glu,
    year = {2017},
    pages = {83--87},
    doi = {10.21437/GLU.2017-17},
}

@InProceedings{schillaci:2012:hbu,
    author = {Schillaci, Guido and Lara, Bruno and Hafner, Verena V.},
    title = {{Internal Simulations for Behaviour Selection and Recognition}},
    booktitle = {International Workshop on Human Behavior Understanding},
    pages = {148--160},
    year = {2012},
    doi = {10.1007/978-3-642-34014-7_13}
}

@article{steels:2003:trendscogsci,
    author = {Steels, Luc},
    title = {Evolving grounded communication for robots},
    journal = {Trends in Cognitive Sciences},
    year = {2003},
    volume = {7},
    number = {7},
    pages = {308--312},
    doi = {10.1016/S1364-6613(03)00129-3}
}

@InProceedings{stramandinoli:2016:icdl,
    author = {Stramandinoli, Francesca and Tikhanoff, Vadim and Pattacini, Ugo and Nori, Francesco},
    title = {{Grounding Speech Utterances in Robotics Affordances: An Embodied Statistical Language Model}},
    booktitle = icdl_epirob,
    year = {2016},
    pages = {79--86},
    doi = {10.1109/DEVLRN.2016.7846794},
}

@article{symons:2004:mental,
    title = {Mental state discourse, theory of mind, and the internalization of \selfother{} understanding},
    author = {Symons, Douglas K.},
    journal = {Developmental Review},
    volume = {24},
    number = {2},
    pages = {159--188},
    year = {2004},
    doi = {10.1016/j.dr.2004.03.001}
}

@InProceedings{szegedy:2014:intriguing,
    author = {Szegedy, Christian and Zaremba, Wojciech and Sutskever, Ilya and Bruna, Joan and Erhan, Dumitru and Goodfellow, Ian and Fergus, Rob},
    title = {{Intriguing Properties of Neural Networks}},
    booktitle = iclr,
    year = {2014},
}

@book{turner:1975,
    title = {{Dramas, Fields, and Metaphors: Symbolic Action in Human Society}},
    author = {Turner, Victor Witter},
    year = {1975},
    publisher = {Cornell University Press},
    isbn = {978-0801491511},
}

@article{ugur:2015:robotica,
    author = {Ugur, Emre and Nagai, Yukie and Celikkanat, Hande and Oztop, Erhan},
    title = {Parental scaffolding as a bootstrapping mechanism for learning grasp affordances and imitation skills},
    journal = {Robotica},
    year = {2015},
    volume = {33},
    number = {5},
    pages = {1163--1180},
    doi = {10.1017/S0263574714002148}
}

@article{ugur:2015:tamd,
    author = {Ugur, Emre and Nagai, Yukie and Sahin, Erol and Oztop, Erhan},
    title = {{Staged Development of Robot Skills: Behavior Formation, Affordance Learning and Imitation with Motionese}},
    journal = tamd,
    year = {2015},
    volume = {7},
    number = {2},
    pages = {119-139},
    doi = {10.1109/TAMD.2015.2426192}
}

% no DOI
@InProceedings{vanhainen:2012:interspeech,
    author = {Vanhainen, Niklas and Salvi, Giampiero},
    title = {{Word Discovery with Beta Process Factor Analysis}},
    booktitle = interspeech,
    year = {2012},
    pages = {798--802}
}

@InProceedings{vanhainen:2014:icassp,
    author = {Vanhainen, Niklas and Salvi, Giampiero},
    title = {{Pattern Discovery in Continuous Speech Using Block Diagonal Infinite HMM}},
    booktitle = icassp,
    year = {2014},
    pages = {3719--3723},
    doi = {10.1109/ICASSP.2014.6854296}
}

@book{young:htkbook,
    title = {{The HTK Book (for HTK Version 3.4)}},
    author = {Young, Steve and Evermann, Gunnar and Gales, Mark and Hain, Thomas and Kershaw, Dan and Liu, Xunying and Moore, Gareth and Odell, Julian and Ollason, Dave and Povey, Dan and others},
    year = {2006},
    publisher = {Cambridge University Engineering Department}
}

@article{zech:2017:ab,
    author = {Zech, Philipp and Haller, Simon and Lakani, Safoura Rezapour and Ridge, Barry and Ugur, Emre and Piater, Justus},
    title = {{Computational Models of Affordance in Robotics: A Taxonomy and Systematic Classification}},
    journal = ab,
    year = {2017},
    number = {5},
    volume = {25},
    pages = {235--271},
    doi = {10.1177/1059712317726357}
}
