%!TEX encoding = UTF-8 Unicode

@string{aaai = "AAAI Conference on Artificial Intelligence"}
@string{icarsc = "IEEE International Conference on Autonomous Robot Systems and Competitions"}
@string{icdl_epirob = "IEEE International Conference on Developmental and Learning and on Epigenetic Robotics"}
@string{ictai = "IEEE International Conference on Tools with Artificial Intelligence"}
@string{icra = "IEEE International Conference on Robotics and Automation"}
@string{ras = "Robotics and Autonomous Systems"}
@string{smcb = "IEEE Transactions on Systems, Man, and Cybernetics, Part B: Cybernetics"}
@string{tcds = "IEEE Transactions on Cognitive and Developmental Systems"}
@string{tro = "IEEE Transactions on Robotics"}

@article{aglioti:2008:basketball,
    author = {Aglioti, Salvatore M. and Cesari, Paola and Romani, Michela and Urgesi, Cosimo},
    title = {{Action anticipation and motor resonance in elite basketball players}},
    journal = {Nature Neuroscience},
    year = {2008},
    number = {9},
    pages = {1109--1116},
    volume = {11},
    doi = {10.1038/nn.2182}
}

@InProceedings{antunes:2016:icra,
    author = {Antunes, Alexandre and Jamone, Lorenzo and Saponaro, Giovanni and Bernardino, Alexandre and Ventura, Rodrigo},
    title = {{{From Human Instructions to Robot Actions: Formulation of Goals, Affordances and Probabilistic Planning}}},
    booktitle = icra,
    year = {2016},
    doi = {10.1109/ICRA.2016.7487757}
}

@book{gibson:2014,
    title = {The Ecological Approach to Visual Perception: Classic Edition},
    author = {Gibson, James J.},
    year = {2014},
    publisher = {Psychology Press},
    note = {Originally published in 1979 by Houghton Mifflin Harcourt.},
    isbn = {978-1848725782}
}

@InProceedings{goncalves:2014:icarsc,
    author = {Gonçalves, Afonso and Saponaro, Giovanni and Jamone, Lorenzo and Bernardino, Alexandre},
    title = {{{Learning Visual Affordances of Objects and Tools through Autonomous Robot Exploration}}},
    booktitle = icarsc,
    year = {2014},
}

@InProceedings{goncalves:2014:icdl,
    author = {Gonçalves, Afonso and Abrantes, João and Saponaro, Giovanni and Jamone, Lorenzo and Bernardino, Alexandre},
    title = {{{Learning Intermediate Object Affordances: Towards the Development of a Tool Concept}}},
    booktitle = icdl_epirob,
    year = {2014},
}

@article{jamone:2016:tcds,
    title = {Affordances in psychology, neuroscience and robotics: a survey},
    author = {Jamone, Lorenzo and Ugur, Emre and Cangelosi, Angelo and Fadiga, Luciano and Bernardino, Alexandre and Piater, Justus and Santos-Victor, José},
    journal = tcds,
    year = 2016,
    doi = {10.1109/TCDS.2016.2594134},
}

@article{kim:2017:nn,
    author = {Kim, Sangwook and Yu, Zhibin and Lee, Minho},
    title = {Understanding human intention by connecting perception and action learning in artificial agents},
    journal = {Neural Networks},
    year = {2017},
    volume = {92},
    pages = {29--38},
    doi = {10.1016/j.neunet.2017.01.009}
}

@article{knoblich:2001:psychsci,
    author = {Knoblich, Günther and Flach, Rüdiger},
    title = {{{Predicting the Effects of Actions: Interactions of Perception and Action}}},
    journal = {Psychological Science},
    volume = {12},
    number = {6},
    pages = {467-472},
    year = {2001},
    doi = {10.1111/1467-9280.00387},
}

@article{kruger:2011:ras,
    author = {Krüger, Norbert and Geib, Christopher and Piater, Justus and Petrick, Ronald and Steedman, Mark and Wörgötter, Florentin and Ude, Aleš and Asfour, Tamim and Kraft, Dirk and Omrčen, Damir and Agostini, Alejandro and Dillmann, Rüdiger},
    title = {{{\ObjAct{} Complexes: Grounded Abstractions of \SensMot{} Processes}}},
    journal = ras,
    year = {2011},
    volume = {59},
    number = {10},
    doi = {10.1016/j.robot.2011.05.009}
}

@InProceedings{matuszek:2014:aaai,
    author = {Matuszek, Cynthia and Bo, Liefeng and Zettlemoyer, Luke and Fox, Dieter},
    title = {{{Learning from Unscripted Deictic Gesture and Language for \HRI{}s}}},
    booktitle = aaai,
    pages = {2556--2563},
    year = {2014},
}

TechReport{mavroeidis:2016:praxicon,
    title = {{The PRAXICON database, version 1.0}},
    author = {Mavroeidis, Dimitris and Pastra, Katerina},
    year = {2016},
    institution = {CSRI},
    url = {https://github.com/CSRI/PraxiconDB}
}

@article{montesano:2008,
    title = {{{Learning Object Affordances: From \SensMot{} Maps to Imitation}}},
    author = {Montesano, Luis and Lopes, Manuel and Bernardino, Alexandre and Santos-Victor, José},
    journal = tro,
    number = {1},
    pages = {15--26},
    doi = {10.1109/TRO.2007.914848},
    volume = {24},
    year = {2008}
}

@article{morse:2016:cogsci,
    title = {{{Why Are There Developmental Stages in Language Learning? A Developmental Robotics Model of Language Development}}},
    author = {Morse, Anthony F. and Cangelosi, Angelo},
    journal = {Cognitive Science},
    year = {2016},
    volume = {41},
    pages = {32--51},
    doi = {10.1111/cogs.12390},
}

@InProceedings{pan:2006:ictai,
    title = {{{Belief Update in Bayesian Networks Using Uncertain Evidence}}},
    author = {Pan, Rong and Peng, Yun and Ding, Zhongli},
    booktitle = ictai,
    pages = {441--444},
    year = {2006},
    doi = {10.1109/ICTAI.2006.39},
}

InProceedings{pastra:2008:praxicon,
    title = {{PRAXICON: The Development of a Grounding Resource}},
    author = {Pastra, Katerina},
    booktitle = {International Workshop on Human--Computer Conversation},
    year = {2008}
}

@article{ramnani:2004:natureneuro,
    author = {Ramnani, Narender and Miall, R. Christopher},
    title = {A system in the human brain for predicting the actions of others},
    journal = {Nature Neuroscience},
    volume = {7},
    number = {1},
    pages = {85--90},
    year = {2004},
    doi = {10.1038/nn1168}
}

@article{rizzolatti:2001:nrn,
    author = {Rizzolatti, Giacomo and Fogassi, Leonardo and Gallese, Vittorio},
    title = {Neurophysiological mechanisms underlying the understanding and imitation of action},
    journal = {Nature Reviews Neuroscience},
    pages = {661--670},
    volume = {2},
    year = {2001},
    doi = {10.1038/35090060},
}

@article{salvi:2012:smcb,
    title = {{{Language Bootstrapping: Learning Word Meanings From Perception--Action Association}}},
    author = {Salvi, Giampiero and Montesano, Luis and Bernardino, Alexandre and Santos-Victor, Jose},
    journal = smcb,
    volume = {42},
    number = {3},
    pages = {660--671},
    year = {2012},
    doi = {10.1109/TSMCB.2011.2172420}
}

@InProceedings{saponaro:2013:crhri,
    author = {Saponaro, Giovanni and Salvi, Giampiero and Bernardino, Alexandre},
    title = {{{Robot Anticipation of Human Intentions through Continuous Gesture Recognition}}},
    booktitle = {{International Conference on Collaboration Technologies and Systems}},
    series = {International Workshop on Collaborative Robots and \HRI},
    year = {2013},
    pages = {218--225},
    doi = {10.1109/CTS.2013.6567232}
}

@InProceedings{saponaro:2017:glu,
    author = {Saponaro, Giovanni and Jamone, Lorenzo and Bernardino, Alexandre and Salvi, Giampiero},
    title = {{{Interactive Robot Learning of Gestures, Language and Affordances}}},
    booktitle = {INTERSPEECH},
    series = {Workshop on Grounding Language Understanding~(GLU)},
    year = {2017},
    pages = {83--87},
    doi = {10.21437/GLU.2017-17},
}

@book{siciliano:2016:handbook2,
    author = {Siciliano, Bruno and Khatib, Oussama},
    title = {{Springer Handbook of Robotics}},
    year = {2016},
    publisher = {Springer},
    edition = {Second},
}

@InProceedings{stramandinoli:2016:icdl,
    author = {Stramandinoli, Francesca and Tikhanoff, Vadim and Pattacini, Ugo and Nori, Francesco},
    title = {{{Grounding Speech Utterances in Robotics Affordances: An Embodied Statistical Language Model}}},
    booktitle = icdl_epirob,
    year = {2016},
    pages = {79--86},
    doi = {10.1109/DEVLRN.2016.7846794},
}

@article{sugita:2005:ab,
    author = {Sugita, Yuuya and Tani, Jun},
    title = {{{Learning Semantic Combinatoriality from the Interaction between Linguistic and Behavioral Processes}}},
    journal = {Adaptive Behavior},
    volume = {13},
    number = {1},
    pages = {33--52},
    year = {2005},
    doi = {10.1177/105971230501300102},
}
