%!TEX encoding = UTF-8 Unicode

@string{aaai = "AAAI Conference on Artificial Intelligence"}
@string{cvpr = "IEEE Conference on Computer Vision and Pattern Recognition"}
@string{icarsc = "IEEE International Conference on Autonomous Robot Systems and Competitions"}
@string{icassp = "IEEE International Conference on Acoustics, Speech and Signal Processing"}
@string{icdl_epirob = "IEEE International Conference on Developmental and Learning and on Epigenetic Robotics"}
@string{ictai = "IEEE International Conference on Tools with Artificial Intelligence"}
@string{icra = "IEEE International Conference on Robotics and Automation"}
@string{ijrr = "International Journal of Robotics Research"}
@string{interspeech = "International Conference on Speech Communication and Technology~(Interspeech)"}
@string{ras = "Robotics and Autonomous Systems"}
@string{rss = "Robotics: Science and Systems"}
@string{smcb = "IEEE Transactions on Systems, Man, and Cybernetics, Part B: Cybernetics"}
@string{tcds = "IEEE Transactions on Cognitive and Developmental Systems"}
@string{tro = "IEEE Transactions on Robotics"}

@article{aglioti:2008:basketball,
    author = {Aglioti, Salvatore M. and Cesari, Paola and Romani, Michela and Urgesi, Cosimo},
    title = {{Action anticipation and motor resonance in elite basketball players}},
    journal = {Nature Neuroscience},
    year = {2008},
    number = {9},
    pages = {1109--1116},
    volume = {11},
    doi = {10.1038/nn.2182}
}

@InProceedings{antunes:2016:icra,
    author = {Antunes, Alexandre and Jamone, Lorenzo and Saponaro, Giovanni and Bernardino, Alexandre and Ventura, Rodrigo},
    title = {{{From Human Instructions to Robot Actions: Formulation of Goals, Affordances and Probabilistic Planning}}},
    booktitle = icra,
    year = {2016},
    doi = {10.1109/ICRA.2016.7487757}
}

@book{breazeal:2002:dsr,
    author = {Breazeal, Cynthia},
    title = {{Designing Sociable Robots}},
    year = {2002},
    publisher = {MIT Press},
    isbn = {0262025108},
}

@book{cangelosi:2015:devrobbook,
    %author = {Cangelosi, Angelo and Schlesinger, Matthew and Smith, Linda B.},
    author = {Cangelosi, Angelo and Schlesinger, Matthew},
    title = {{Developmental Robotics: From Babies to Robots}},
    year = {2015},
    publisher = {MIT Press},
    isbn = {978-0262028011},
}

@InProceedings{cao:2017:openpose-cpvr,
    author = {Cao, Zhe and Simon, Tomas and Wei, Shih-En and Sheikh, Yaser},
    booktitle = cvpr,
    title = {{{Realtime Multi-Person 2D Pose Estimation using Part Affinity Fields}}},
    year = {2017},
}

@article{gazzola:2007:neuroimage,
    title = {The anthropomorphic brain: the mirror neuron system responds to human and robotic actions},
    author = {Gazzola, Valeria and Rizzolatti, Giacomo and Wicker, Bruno and Keysers, Christian},
    journal = {Neuroimage},
    volume = {35},
    number = {4},
    pages = {1674--1684},
    year = {2007},
}

@book{gibson:2014,
    title = {The Ecological Approach to Visual Perception: Classic Edition},
    author = {Gibson, James J.},
    year = {2014},
    publisher = {Psychology Press},
    note = {Originally published in 1979 by Houghton Mifflin Harcourt.},
    isbn = {978-1848725782}
}

@InProceedings{goncalves:2014:icarsc,
    author = {Gonçalves, Afonso and Saponaro, Giovanni and Jamone, Lorenzo and Bernardino, Alexandre},
    title = {{{Learning Visual Affordances of Objects and Tools through Autonomous Robot Exploration}}},
    booktitle = icarsc,
    year = {2014},
}

@InProceedings{goncalves:2014:icdl,
    author = {Gonçalves, Afonso and Abrantes, João and Saponaro, Giovanni and Jamone, Lorenzo and Bernardino, Alexandre},
    title = {{{Learning Intermediate Object Affordances: Towards the Development of a Tool Concept}}},
    booktitle = icdl_epirob,
    year = {2014},
}

@article{harnad:1990,
    title = {{{The Symbol Grounding Problem}}},
    author = {Harnad, Stevan},
    journal = {Physica D: Nonlinear Phenomena},
    volume = {42},
    number = {1-3},
    pages = {335--346},
    year = {1990},
    doi = {10.1016/0167-2789(90)90087-6}
}

@InCollection{iwahashi:2007:hri,
    title = {{Robots that learn language: A developmental approach to situated \hr{} conversations}},
    author = {Iwahashi, Naoto},
    booktitle = {Human Robot Interaction},
    publisher = {InTech},
    year = {2007},
    chapter = {5},
    doi = {10.5772/5188},
}

@article{jamone:2016:tcds,
    title = {Affordances in psychology, neuroscience and robotics: a survey},
    author = {Jamone, Lorenzo and Ugur, Emre and Cangelosi, Angelo and Fadiga, Luciano and Bernardino, Alexandre and Piater, Justus and Santos-Victor, José},
    journal = tcds,
    year = 2016,
    doi = {10.1109/TCDS.2016.2594134},
}

@article{kim:2017:nn,
    author = {Kim, Sangwook and Yu, Zhibin and Lee, Minho},
    title = {Understanding human intention by connecting perception and action learning in artificial agents},
    journal = {Neural Networks},
    year = {2017},
    volume = {92},
    pages = {29--38},
    doi = {10.1016/j.neunet.2017.01.009}
}

@article{knoblich:2001:psychsci,
    author = {Knoblich, Günther and Flach, Rüdiger},
    title = {{{Predicting the Effects of Actions: Interactions of Perception and Action}}},
    journal = {Psychological Science},
    volume = {12},
    number = {6},
    pages = {467-472},
    year = {2001},
    doi = {10.1111/1467-9280.00387},
}

@article{koppula:2013:ijrr,
    author = {Koppula, Hema S. and Gupta, Rudhir and Saxena, Ashutosh},
    title = {{Learning Human Activities and Object Affordances from RGB-D Videos}},
    journal = ijrr,
    year = {2013},
    volume = {32},
    number = {8},
    pages = {951-970},
    doi = {10.1177/0278364913478446},
}

@article{kruger:2011:ras,
    author = {Krüger, Norbert and Geib, Christopher and Piater, Justus and Petrick, Ronald and Steedman, Mark and Wörgötter, Florentin and Ude, Aleš and Asfour, Tamim and Kraft, Dirk and Omrčen, Damir and Agostini, Alejandro and Dillmann, Rüdiger},
    title = {{{\ObjAct{} Complexes: Grounded Abstractions of \SensMot{} Processes}}},
    journal = ras,
    year = {2011},
    volume = {59},
    number = {10},
    doi = {10.1016/j.robot.2011.05.009}
}

@article{lopes:2009:ab,
    title = {A computational model of social-learning mechanisms},
    author = {Lopes, Manuel and Melo, Francisco S. and Kenward, Ben and Santos-Victor, José},
    journal = {Adaptive Behavior},
    volume = {17},
    number = {6},
    pages = {467--483},
    year = {2009},
}

@article{lungarella:2003:devrobsurvey,
    author = {Lungarella, Max and Metta, Giorgio and Pfeifer, Rolf and Sandini, Giulio},
    title = {Developmental robotics: a survey},
    journal = {Connection Science},
    year = {2003},
    volume = {15},
    number = {4},
    pages = {151--190},
    doi = {10.1080/09540090310001655110},
}

@InProceedings{matuszek:2014:aaai,
    author = {Matuszek, Cynthia and Bo, Liefeng and Zettlemoyer, Luke and Fox, Dieter},
    title = {{{Learning from Unscripted Deictic Gesture and Language for \HRI{}s}}},
    booktitle = aaai,
    pages = {2556--2563},
    year = {2014},
}

TechReport{mavroeidis:2016:praxicon,
    title = {{The PRAXICON database, version 1.0}},
    author = {Mavroeidis, Dimitris and Pastra, Katerina},
    year = {2016},
    institution = {CSRI},
    url = {https://github.com/CSRI/PraxiconDB}
}

@article{melis:2010:rstb,
    title = {How is human cooperation different?},
    author = {Melis, Alicia P. and Semmann, Dirk},
    journal = {Philosophical Transactions of the Royal Society of London B: Biological Sciences},
    volume = {365},
    number = {1553},
    pages = {2663--2674},
    year = {2010},
    doi = {10.1098/rstb.2010.0157},
}

@article{montesano:2008,
    title = {{{Learning Object Affordances: From \SensMot{} Maps to Imitation}}},
    author = {Montesano, Luis and Lopes, Manuel and Bernardino, Alexandre and Santos-Victor, José},
    journal = tro,
    number = {1},
    pages = {15--26},
    doi = {10.1109/TRO.2007.914848},
    volume = {24},
    year = {2008}
}

@article{morse:2016:cogsci,
    title = {{{Why Are There Developmental Stages in Language Learning? A Developmental Robotics Model of Language Development}}},
    author = {Morse, Anthony F. and Cangelosi, Angelo},
    journal = {Cognitive Science},
    year = {2016},
    volume = {41},
    pages = {32--51},
    doi = {10.1111/cogs.12390},
}

@article{mueller:2000:psych,
    title = {{{The role of social interaction in Piaget's theory: language for social cooperation and social cooperation for language}}},
    author = {Müller, Ulrich and Carpendale, Jeremy I. M.},
    journal = {New Ideas in Psychology},
    volume = {18},
    number = {2},
    pages = {139--156},
    year = {2000},
}

@InCollection{nehaniv:2002:correspondence,
    title = {{{The Correspondence Problem}}},
    author = {Nehaniv, Chrystopher L. and Dautenhahn, Kerstin},
    booktitle = {Imitation in Animals and Artifacts},
    publisher = {MIT Press},
    year = {2002},
    chapter = {2},
    doi = {978-0262527750},
}

@InProceedings{pan:2006:ictai,
    title = {{{Belief Update in Bayesian Networks Using Uncertain Evidence}}},
    author = {Pan, Rong and Peng, Yun and Ding, Zhongli},
    booktitle = ictai,
    pages = {441--444},
    year = {2006},
    doi = {10.1109/ICTAI.2006.39},
}

@book{pearl:2014:probabilistic,
    title = {Probabilistic reasoning in intelligent systems: networks of plausible inference},
    author = {Pearl, Judea},
    year = {2014},
    publisher = {Morgan Kaufmann},
    isbn = {978-1558604797}
}

InProceedings{pastra:2008:praxicon,
    title = {{PRAXICON: The Development of a Grounding Resource}},
    author = {Pastra, Katerina},
    booktitle = {International Workshop on Human--Computer Conversation},
    year = {2008}
}

@article{ramnani:2004:natureneuro,
    author = {Ramnani, Narender and Miall, R. Christopher},
    title = {A system in the human brain for predicting the actions of others},
    journal = {Nature Neuroscience},
    volume = {7},
    number = {1},
    pages = {85--90},
    year = {2004},
    doi = {10.1038/nn1168}
}

@article{rizzolatti:2001:nrn,
    author = {Rizzolatti, Giacomo and Fogassi, Leonardo and Gallese, Vittorio},
    title = {Neurophysiological mechanisms underlying the understanding and imitation of action},
    journal = {Nature Reviews Neuroscience},
    pages = {661--670},
    volume = {2},
    year = {2001},
    doi = {10.1038/35090060},
}

@article{rojas:2003:ijer,
    author = {Rojas-Drummond, Sylvia and Mercer, Neil},
    title = {Scaffolding the development of effective collaboration and learning},
    journal = {International Journal of Educational Research},
    volume = {39},
    number = {1},
    pages = {99--111},
    year = {2003},
    doi = {10.1016/S0883-0355(03)00075-2},
}

@InProceedings{roncone:2016:rss,
    author = "Roncone, Alessandro and Pattacini, Ugo and Metta, Giorgio and Natale, Lorenzo",
    title = {{{A Cartesian 6-DoF Gaze Controller for Humanoid Robots}}},
    booktitle = rss,
    year = "2016",
    doi = {10.15607/RSS.2016.XII.022},
}

@article{salvi:2012:smcb,
    title = {{{Language Bootstrapping: Learning Word Meanings From Perception--Action Association}}},
    author = {Salvi, Giampiero and Montesano, Luis and Bernardino, Alexandre and Santos-Victor, Jose},
    journal = smcb,
    volume = {42},
    number = {3},
    pages = {660--671},
    year = {2012},
    doi = {10.1109/TSMCB.2011.2172420}
}

@InProceedings{saponaro:2013:crhri,
    author = {Saponaro, Giovanni and Salvi, Giampiero and Bernardino, Alexandre},
    title = {{{Robot Anticipation of Human Intentions through Continuous Gesture Recognition}}},
    booktitle = {{International Conference on Collaboration Technologies and Systems}},
    series = {International Workshop on Collaborative Robots and \HRI},
    year = {2013},
    pages = {218--225},
    doi = {10.1109/CTS.2013.6567232}
}

@InProceedings{saponaro:2017:glu,
    author = {Saponaro, Giovanni and Jamone, Lorenzo and Bernardino, Alexandre and Salvi, Giampiero},
    title = {{{Interactive Robot Learning of Gestures, Language and Affordances}}},
    booktitle = interspeech,
    series = {Workshop on Grounding Language Understanding~(GLU)},
    year = {2017},
    pages = {83--87},
    doi = {10.21437/GLU.2017-17},
}

@book{siciliano:2016:handbook2,
    author = {Siciliano, Bruno and Khatib, Oussama},
    title = {{Springer Handbook of Robotics}},
    year = {2016},
    publisher = {Springer},
    edition = {Second},
}

@article{steels:2003:trendscogsci,
    author = "Luc Steels",
    title = "Evolving grounded communication for robots",
    journal = "Trends in Cognitive Sciences",
    volume = "7",
    number = "7",
    pages = "308--312",
    year = "2003",
    doi = {https://doi.org/10.1016/S1364-6613(03)00129-3},
}


@InProceedings{stramandinoli:2016:icdl,
    author = {Stramandinoli, Francesca and Tikhanoff, Vadim and Pattacini, Ugo and Nori, Francesco},
    title = {{{Grounding Speech Utterances in Robotics Affordances: An Embodied Statistical Language Model}}},
    booktitle = icdl_epirob,
    year = {2016},
    pages = {79--86},
    doi = {10.1109/DEVLRN.2016.7846794},
}

@article{sugita:2005:ab,
    author = {Sugita, Yuuya and Tani, Jun},
    title = {{{Learning Semantic Combinatoriality from the Interaction between Linguistic and Behavioral Processes}}},
    journal = {Adaptive Behavior},
    volume = {13},
    number = {1},
    pages = {33--52},
    year = {2005},
    doi = {10.1177/105971230501300102},
}

@InProceedings{tellex:2011:aaai,
    title = {{{Understanding Natural Language Commands for Robotic Navigation and Mobile Manipulation}}},
    author = {Tellex, Stefanie and Kollar, Thomas and Dickerson, Steven and Walter, Matthew R. and Banerjee, Ashis Gopal and Teller, Seth and Roy, Nicholas},
    booktitle = aaai,
    year = {2011},
    pages = {1507--1514},
}

@book{turner:1975,
    title = {{Dramas, Fields, and Metaphors: Symbolic Action in Human Society}},
    author = {Turner, Victor Witter},
    year = {1975},
    publisher = {Cornell University Press},
    isbn = {978-0801491511},
}

@book{young:htkbook,
    title = {{The HTK Book (for HTK Version 3.4)}},
    author = {Young, Steve and Evermann, Gunnar and Gales, Mark and Hain, Thomas and Kershaw, Dan and Liu, Xunying and Moore, Gareth and Odell, Julian and Ollason, Dave and Povey, Dan and others},
    year = {2006},
    publisher = {Cambridge University Engineering Department}
}

author = {Saponaro, Giovanni and Jamone, Lorenzo and Bernardino, Alexandre and Salvi, Giampiero},
title = {{{Interactive Robot Learning of Gestures, Language and Affordances}}},
booktitle = {INTERSPEECH},
series = {Workshop on Grounding Language Understanding~(GLU)},
year = {2017},
pages = {83--87},
doi = {10.21437/GLU.2017-17},

@InProceedings{falstrom:2017:glu,
    author = {Fahlström Myrman, Arvid and Salvi, Giampiero},
    title = {{{Partitioning of Posteriorgrams Using Siamese Models for Unsupervised Acoustic Modelling}}},
    booktitle = interspeech,
    series = {Workshop on Grounding Language Understanding~(GLU)},
    year = {2017},
    pages = {27--31},
    doi = {10.21437/GLU.2017-6},
}

@InProceedings{vanhainen2014:icassp,
    author = {Vanhainen, Niklas and Salvi, Giampiero},
    title = {{{Pattern Discovery in Continuous Speech Using Block Diagonal Infinite HMM}}},
    booktitle = icassp,
    year = {2014}
}

@InProceedings{vanhainen:2012:interspeech,
    author = {Vanhainen, Niklas and Salvi, Giampiero},
    title = {{Word Discovery with Beta Process Factor Analysis}},
    booktitle = interspeech,
    year = {2012},
    month = {9}
}
